@COMMENT Brug http://www.it.usyd.edu.au/~niu/cgi-bin/springer.cgi
@COMMENT for at få bibtex udskrift fra Springerlink
@COMMENT
@COMMENT De fleste artikeldatabaser tilbyder også export til bibtex i forskellig grad

@COMMENT Humanioreartikler
@article{Boselie1984,
	title = {The aesthetic attractivity of the golden section},
	author = {Frans Boselie},
	journal = {Psychological Research},
	publisher = {Springer Berlin / Heidelberg},
	issn = {0340-0727 (Print) 1430-2772 (Online)},
	url = {http://www.springerlink.com/content/r7mqt7573022j435/},
	number = {4},
	pages = {367--375},
	volume = {45},
	doi = {10.1007/BF00309712},
	year = {1984},
	month = {March}
}

@article{Plug1980,
	title = {The Golden Section Hypothesis},
	author = {Plug, C.},
	journal = {The American Journal of Psychology},
	volume = {93},
	number = {3},
	pages = {467--487},
	url = {http://www.jstor.org/stable/1422725},
	ISSN = {00029556},
	year = {1980},
	publisher = {University of Illinois Press}
}

@article{Stakhov2006490,
	title = {The golden section, secrets of the Egyptian civilization and harmony mathematics},
	journal = {Chaos, Solitons \& Fractals},
	volume = {30},
	number = {2},
	pages = {490 - 505},
	year = {2006},
	note = {Prof. Gerardus 't Hooft},
	issn = {0960-0779},
	doi = {DOI: 10.1016/j.chaos.2005.11.022},
	url = {http://www.sciencedirect.com/science/article/B6TJ4-4HYMW17-1/2/9662256429479c785327189206d57801},
	author = {Alexey Stakhov}
}

@article{Markowsky1992,
	title = {Misconceptions about the Golden Ratio},
	author = {Markowsky, George},
	journal = {The College Mathematics Journal},
	volume = {23},
	number = {1},
	pages = {2--19},
	url = {http://www.jstor.org/stable/2686193},
	ISSN = {07468342},
	year = {1992},
	publisher = {Mathematical Association of America}
}

@Article{McManus1995,
	author = {McManus, I. C. and Kitson, C. M.},
	title = {Compositional geometry in pictures},
	journal = {Empirical Studies of the Arts},
	volume = {13},
	number = {1},
	pages = {73--94},
	year = {1995},
	url = {http://www.ucl.ac.uk/medical-education/reprints/1995-EmpiricalStudiesOfTheArts-CompositionalGeometry.pdf}
}

@article{Boussora2004,
	title = {The Use of the Golden Section in the Great Mosque at Kairouan},
	author = {Kenza Boussora and Said Mazouz},
	journal = {Nexus Network Journal},
	publisher = {Birkhäuser Basel},
	issn = {1590-5896 (Print) 1522-4600 (Online)},
	url = {http://www.springerlink.com/content/rv6q10p8x320580l/},
	number = {1},
	pages = {7--16},
	volume = {6},
	doi = {10.1007/s00004-004-0002-y},
	year = {2004},
	month = {April}
}

@article{Putz1995,
	title = {The Golden Section and the Piano Sonatas of Mozart},
	author = {Putz, John F.},
	journal = {Mathematics Magazine},
	volume = {68},
	number = {4},
	pages = {275--282},
	url = {http://www.jstor.org/stable/2690572},
	ISSN = {0025570X},
	year = {1995},
	publisher = {Mathematical Association of America}
}

@article{Sharp2002,
	title = {Spirals and the Golden Section},
	author = {John Sharp},
	journal = {Nexus Network Journal},
	publisher = {Birkhäuser Basel},
	issn = {1590-5896 (Print) 1522-4600 (Online)},
	url = {http://www.springerlink.com/content/f7j040k4332143n2/},
	number = {1},
	pages = {59--82},
	volume = {4},
	doi = {10.1007/s00004-001-0005-x},
	year = {2002},
	month = {February}
}

@book{Gardner1952_2,
	author = {Gardner, Martin},
	title = {Fads and fallacies in the name of science},
	year = {1957},
	publisher = {Dover},
	note = {Available at Google Books}
}

@misc{Olariu1999,
	author = {Agata Olariu},
	title = {Golden Section and the Art of Painting},
	url = {http://www.citebase.org/abstract?id=oai:arXiv.org:physics/9908036},
	year = {1999},
	howpublished = {\href{http://www.citebase.org/abstract?id=oai:arXiv.org:physics/9908036}{http://www.citebase.org/abstract?id=oai:arXiv.org:physics/9908036}}
}
@COMMENT END Humanioreartikler

@COMMENT Computer Vision-artikler
@article{Tanaka2000459,
	title = {Composition Analyzer: support tool for composition analysis on painting masterpieces},
	journal = {Knowledge-Based Systems},
	volume = {13},
	number = {7-8},
	pages = {459 - 470},
	year = {2000},
	note = {},
	issn = {0950-7051},
	doi = {DOI: 10.1016/S0950-7051(00)00062-9},
	url = {http://www.sciencedirect.com/science/article/B6V0P-41TMVBD-4/2/e8f09b922335e74723b0c52043f3f1cf},
	author = {S. Tanaka and J. Kurumizawa and S. Inokuchi and Y. Iwadate}
}
@COMMENT END Computer Vision-artikler

@COMMENT Nedenstående kan bruges som skabelon for internetadresser
@COMMENT Der er ikke nogen umiddelbar funktionalitet der understøtter dette i BibTeX
@COMMENT REMEMBER TO ESCAPE _ and & !!!!

@misc{Ref,
	title = {},
	howpublished = {\href{}{}}
}

@COMMENT Humaniorelinks
@misc{GoldenNumber,
	title = {GoldenNumber.net - Golden Section},
	howpublished = {\href{http://goldennumber.net/goldsect.htm}{http://goldennumber.net/goldsect.htm}}
}

@misc{WikiThirds,
	title = {Rule of Thirds - Wikipedia, the free encyclopedia},
	howpublished = {\href{http://en.wikipedia.org/w/index.php?title=Rule\_of\_thirds\&oldid=316300451}{http://en.wikipedia.org/w/index.php?title=Rule\_of\_thirds\&oldid=316300451}}
}

@misc{WikiGolden,
	title = {Golden ratio - Wikipedia, the free encyclopedia},
	howpublished = {\href{http://en.wikipedia.org/w/index.php?title=Golden\_ratio\&oldid=316656146}{http://en.wikipedia.org/w/index.php?title=Golden\_ratio\&oldid=316656146}}
}

@misc{PhotoThirds,
	title = {Rule of Thirds},
	howpublished = {\href{http://digital-photography-school.com/rule-of-thirds}{http://digital-photography-school.com/rule-of-thirds}}
}

@misc{RatioArt,
	title = {Fibonacci Numbers and The Golden Section in Art, Architecture and Music},
	howpublished = {\href{http://www.computing.surrey.ac.uk/personal/ext/R.Knott/Fibonacci/fibInArt.html}{http://www.computing.surrey.ac.uk/personal/ext/R.Knott/Fibonacci/fibInArt.html}}
}
@COMMENT END Humaniorelinks

@COMMENT Andre links
@misc{MathWorldGoldenRation,
	author= {Weisstein, Eric W},
	title = {Golden Ratio},
	howpublished = {\href{http://mathworld.wolfram.com/GoldenRatio.html}{http://mathworld.wolfram.com/GoldenRatio.html}},
	note = {From MathWorld--A Wolfram Web Resource.}
}

@misc{MathWorldFibonacci,
	author= {Chandra, Pravin and Weisstein, Eric W.},
	title = {Fibonacci Numbers},
	howpublished = {\href{http://mathworld.wolfram.com/FibonacciNumber.html}{http://mathworld.wolfram.com/FibonacciNumber.html}},
	note = {From MathWorld--A Wolfram Web Resource.}
}

@misc{MathWorldPhyllotaxis,
	author= {Weisstein, Eric W},
	title = {Phyllotaxis},
	howpublished = {\href{http://mathworld.wolfram.com/Phyllotaxis.html}{http://mathworld.wolfram.com/Phyllotaxis.html}},
	note = {From MathWorld--A Wolfram Web Resource.}
}

@misc{Euclid300bc,
	howpublished = {\href{http://aleph0.clarku.edu/~djoyce/java/elements/toc.html}{http://aleph0.clarku.edu/$\sim$djoyce/java/elements/toc.html}},
	note = {Euclid's Elements, Book VI, Definition 3}
}
@COMMENT END Andre links
