@COMMENT Brug http://www.it.usyd.edu.au/~niu/cgi-bin/springer.cgi
@COMMENT for at få bibtex udskrift fra Springerlink
@COMMENT
@COMMENT De fleste artikeldatabaser tilbyder også export til bibtex i forskellig grad

@article{Boselie1984,
	title = {The aesthetic attractivity of the golden section},
	author = {Frans Boselie},
	journal = {Psychological Research},
	publisher = {Springer Berlin / Heidelberg},
	issn = {0340-0727 (Print) 1430-2772 (Online)},
	url = {http://www.springerlink.com/content/r7mqt7573022j435/},
	number = {4},
	pages = {367--375},
	volume = {45},
	doi = {10.1007/BF00309712},
	year = {1984},
	month = {March},
}

@article{Plug1980,
	title = {The Golden Section Hypothesis},
	author = {Plug, C.},
	journal = {The American Journal of Psychology},
	volume = {93},
	number = {3},
	pages = {467--487},
	url = {http://www.jstor.org/stable/1422725},
	ISSN = {00029556},
	year = {1980},
	publisher = {University of Illinois Press},    
}

@article{Stakhov2006490,
	title = {The golden section, secrets of the Egyptian civilization and harmony mathematics},
	journal = {Chaos, Solitons \& Fractals},
	volume = {30},
	number = {2},
	pages = {490 - 505},
	year = {2006},
	note = {Prof. Gerardus 't Hooft},
	issn = {0960-0779},
	doi = {DOI: 10.1016/j.chaos.2005.11.022},
	url = {http://www.sciencedirect.com/science/article/B6TJ4-4HYMW17-1/2/9662256429479c785327189206d57801},
	author = {Alexey Stakhov}
}

@article{Markowsky1992,
	title = {Misconceptions about the Golden Ratio},
	author = {Markowsky, George},
	journal = {The College Mathematics Journal},
	volume = {23},
	number = {1},
	pages = {2--19},
	url = {http://www.jstor.org/stable/2686193},
	ISSN = {07468342},
	year = {1992},
	publisher = {Mathematical Association of America},    
}


@Article{McManus1995,
	author = {McManus, I. C. and Kitson, C. M.},
	title = {Compositional geometry in pictures},
	journal = {Empirical Studies of the Arts},
	volume = {13},
	number = {1},
	pages = {73--94},
	year = {1995},
	url = {http://www.ucl.ac.uk/medical-education/reprints/1995-EmpiricalStudiesOfTheArts-CompositionalGeometry.pdf}
}
